<?xml version="1.0" encoding="UTF-8"?><record xmlns="http://www.loc.gov/MARC21/slim" xmlns:cinclude="http://apache.org/cocoon/include/1.0" xmlns:zs="http://www.loc.gov/zing/srw/">
  <leader>00398nz  a2200121n  4500</leader>
  <controlfield tag="001">n  86863630 </controlfield>
  <controlfield tag="003">DLC</controlfield>
  <controlfield tag="005">19861107090643.9</controlfield>
  <controlfield tag="008">861107n| acannaab|          |n aad |||  </controlfield>
  <datafield tag="010" ind1=" " ind2=" ">
    <subfield code="a">n  86863630 </subfield>
  </datafield>
  <datafield tag="040" ind1=" " ind2=" ">
    <subfield code="a">DLC</subfield>
    <subfield code="c">DLC</subfield>
  </datafield>
  <datafield tag="100" ind1="1" ind2="0">
    <subfield code="a">Giles, Nancy Morgan,</subfield>
    <subfield code="d">1938-</subfield>
  </datafield>
  <datafield tag="670" ind1=" " ind2=" ">
    <subfield code="a">nuc86-101073: Her Family coping with the chronic ... 1984</subfield>
    <subfield code="b">(hdg. on NRU rept.: Giles, Nancy Morgan, 1938- ; usage: Nancy Morgan Giles)</subfield>
  </datafield>
</record>